% Encoding: UTF-8

@InCollection{Paz2018,
  author    = {Jos{\'{e}} Rolando Guay Paz},
  title     = {Learning Azure Cosmos {DB} Concepts},
  booktitle = {Microsoft Azure Cosmos {DB} Revealed},
  publisher = {Apress},
  year      = {2018},
  pages     = {25--59},
  doi       = {10.1007/978-1-4842-3351-1_2},
}

@Book{Membrey2011,
  title     = {The Definitive Guide to MongoDB: The NoSQL Database for Cloud and Desktop Computing},
  publisher = {Apress},
  year      = {2011},
  author    = {Eelco Plugge and Tim Hawkins and Peter Membrey},
  isbn      = {9781430230519},
}

@Article{Kim2018,
  author    = {Kim, Ho-Jun; Ko, Eun-Jeong; Jeon, Young-Ho; Lee, Ki-Hoon},
  title     = {Techniques and guidelines for effective migration from RDBMS to NoSQL},
  journal   = {The Journal of Supercomputing},
  year      = {2018},
  month     = {4},
  day       = {11},
  doi       = {10.1007/s11227-018-2361-2},
  issne     = {1573-0484},
  issnp     = {0920-8542},
  page      = {--},
  publisher = {Springer US},
  url       = {http://gen.lib.rus.ec/scimag/index.php?s=10.1007/s11227-018-2361-2},
}

@Article{Oliveira2011,
  author = {Bernadette Farias Lóscio and Hélio Rodrigues de Oliveira and Jonas César de Sousa Pontes},
  title  = {NoSQL no desenvolvimento de aplicações Web colaborativas},
  year   = {2011},
}

@Article{Lith2010,
  author    = {Lith, Adam and Mattsson, Jakob},
  title     = {Investigating storage solutions for large data-A comparison of well performing and scalable data storage solutions for real time extraction and batch insertion of data},
  year      = {2010},
  publisher = {Chalmers University of Technology},
}

@Comment{jabref-meta: databaseType:bibtex;}
